@inproceedings{miconi2001collective,
  title={A collective genetic algorithm},
  author={Miconi, Thomas},
  booktitle={Proceedings of the 3rd Annual Conference on Genetic and Evolutionary Computation},
  pages={876--883},
  year={2001}
}

@article{cazenille2018modelling,
  title={Modelling zebrafish collective behaviours with multilayer perceptrons optimised by evolutionary algorithms},
  author={Cazenille, Leo and Bredeche, Nicolas and Halloy, Jos{\'e}},
  journal={arXiv preprint arXiv:1811.11040},
  year={2018}
}

@INPROCEEDINGS{7496361,
  author={Beckerleg, Mark and Chan Zhang},
  booktitle={2016 IEEE 14th International Workshop on Advanced Motion Control (AMC)}, 
  title={Evolving individual and collective behaviours for the Kilobot robot}, 
  year={2016},
  volume={},
  number={},
  pages={263-268},
  doi={10.1109/AMC.2016.7496361}}


@INPROCEEDINGS{basicHerding,
  author={Jyh-Ming Lien and Bayazit, O.B. and Sowell, R.T. and Rodriguez, S. and Amato, N.M.},
  booktitle={IEEE International Conference on Robotics and Automation, 2004. Proceedings. ICRA '04. 2004}, 
  title={Shepherding behaviors}, 
  year={2004},
  volume={4},
  number={},
  pages={4159-4164 Vol.4},
  doi={10.1109/ROBOT.2004.1308924}}

@article{shepherdingalgorithm,
    author = {Anna Fujioka and Masaki Ogura and Naoki Wakamiya},
    title = {Shepherding algorithm for heterogeneous flock with model-based discrimination},  
    url = {https://doi.org/10.1080%2F01691864.2022.2133552},
    year = {2022},
    month = {oct},
    volume = {37},
    number = {1-2},
    pages = {99--114},
    publisher = {Informa {UK} Limited},
    journal = {Advanced Robotics},
    doi = {10.1080/01691864.2022.2133552},
}

@misc{optimalshepherding,
      title={Optimal shepherding and transport of a flock}, 
      author={Aditya Ranganathan and Alexander Heyde and Anupam Gupta and L. Mahadevan},
      year={2022},
      eprint={2211.04352},
      archivePrefix={arXiv},
      primaryClass={cond-mat.soft}
}

@inproceedings{bajec2003boids,
  title={Boids with a fuzzy way of thinking},
  author={Bajec, I Lebar and Mraz, Miha and Zimic, Nikolaj},
  booktitle={Proceedings of ASC},
  volume={58},
  pages={62},
  year={2003}
}

@article{fuzzylogic,
    author = {Xue, Zhuxin and Dong, Qing and Fan, Xiangtao and Jin, Qingwen and Jian, Hongdeng and Liu, Jian},
    title = {Fuzzy Logic-Based Model That Incorporates Personality Traits for Heterogeneous Pedestrians},
    journal = {Symmetry},
    volume = {9},
    year = {2017},
    number = {10},
    article-number = {239},
    url = {https://www.mdpi.com/2073-8994/9/10/239},
    issn = {2073-8994},
    doi = {10.3390/sym9100239}
}

@article{behaviorbased,
    author = {Cai, He and He, Yaqi and Wu, Jinye and Gao, Huanli},
    title = {Behavior-Based Herding Algorithm for Social Force Model Based Sheep Herd},
    journal = {Electronics},
    volume = {12},
    year = {2023},
    number = {2},
    article-number = {285},
    url = {https://www.mdpi.com/2079-9292/12/2/285},
    issn = {2079-9292},
    doi = {10.3390/electronics12020285}
}

@article{modellingcrowd,
    author={Zhou, Min and Dong, Hairong and Wen, Ding and Yao, Xiuming and Sun, Xubin},
    journal={IEEE Transactions on Intelligent Transportation Systems}, 
    title={Modeling of Crowd Evacuation With Assailants via a Fuzzy Logic Approach},
    year={2016},
    volume={17},
    number={9},
    pages={2395-2407},
    doi={10.1109/TITS.2016.2521783}
}

@article{strombom,
    author = {Str√∂mbom, Daniel and Mann, Richard and Wilson, Alan and Hailes, Stephen and Morton, A. and Sumpter, David and King, Andrew},
    year = {2014},
    month = {11},
    pages = {},
    title = {Solving the shepherding problem: Heuristics for herding autonomous, interacting agents},
    volume = {11},
    journal = {Journal of The Royal Society Interface},
    doi = {10.1098/rsif.2014.0719}
}


